@article{swiechowski2023monte,
  title={Monte Carlo tree search: A review of recent modifications and applications},
  author={{\'S}wiechowski, Maciej and Godlewski, Konrad and Sawicki, Bartosz and Ma{\'n}dziuk, Jacek},
  journal={Artificial Intelligence Review},
  volume={56},
  number={3},
  pages={2497--2562},
  year={2023},
  publisher={Springer}
}

@book{mcts,
  author       = {Scientific Figure},
  title        = {Monte Carlo Tree Search for the Hide-and-Seek Game Scotland Yard},
  publisher    = {ResearchGate},
  year         = {2012},
  url          = {https://www.researchgate.net/figure/MCTS-scheme-slightly-adapted-from-Chaslot-et-al-33_fig2_259649234},
}

@article{6145622,
  author={Browne, Cameron B. and Powley, Edward and Whitehouse, Daniel and Lucas, Simon M. and Cowling, Peter I. and Rohlfshagen, Philipp and Tavener, Stephen and Perez, Diego and Samothrakis, Spyridon and Colton, Simon},
  journal={IEEE Transactions on Computational Intelligence and AI in Games}, 
  title={A Survey of Monte Carlo Tree Search Methods}, 
  year={2012},
  volume={4},
  number={1},
  pages={1-43},
  keywords={Games;Monte Carlo methods;Artificial intelligence;Game theory;Computers;Markov processes;Decision theory;Artificial intelligence (AI);bandit-based methods;computer Go;game search;Monte Carlo tree search (MCTS);upper confidence bounds (UCB);upper confidence bounds for trees (UCT)},
  doi={10.1109/TCIAIG.2012.2186810}
}


@inbook{inbook,
  author = {Ma≈Ñdziuk, Jacek},
  year = {2018},
  month = {01},
  pages = {277-292},
  title = {MCTS/UCT in solving real-life problems},
  isbn = {978-3-319-67945-7},
  journal = {Studies in Computational Intelligence},
  doi = {10.1007/978-3-319-67946-4_11}
}

@book{DBLP:books/aw/RN2020,
  author       = {Stuart Russell and
                  Peter Norvig},
  title        = {Artificial Intelligence: {A} Modern Approach (4th Edition)},
  publisher    = {Pearson},
  year         = {2020},
  url          = {http://aima.cs.berkeley.edu/},
  isbn         = {9780134610993},
  timestamp    = {Wed, 20 Apr 2022 13:29:51 +0200},
  biburl       = {https://dblp.org/rec/books/aw/RN2020.bib},
  bibsource    = {dblp computer science bibliography, https://dblp.org}
}